<?xml version="1.0" encoding="UTF-8"?><collection xmlns="http://www.loc.gov/MARC21/slim"><record><leader>00449nam--2200145-i-4500</leader><controlfield tag="001">000015864</controlfield><controlfield tag="002">20161230</controlfield><controlfield tag="005">20161230201031</controlfield><controlfield tag="008">060222s1000------------r-----000-0-eng-d</controlfield><datafield ind1="1" ind2=" " tag="100"><subfield code="a">Cross, Mark And Moscardini, A.O</subfield></datafield><datafield ind1=" " ind2=" " tag="245"><subfield code="a">Learning the art of mathematical modelling</subfield></datafield><datafield ind1=" " ind2=" " tag="260"><subfield code="a">Chichester, Ellis Horwood Limited, 1985</subfield></datafield><datafield ind1=" " ind2=" " tag="490"><subfield code="a">Ellis Horwood Series In Mathematical And Applications</subfield></datafield><datafield ind1=" " ind2=" " tag="852"><subfield code="a">73924</subfield><subfield code="c">517.9</subfield></datafield><datafield ind1=" " ind2=" " tag="CAT"><subfield code="a">Sys</subfield><subfield code="c">20090506</subfield><subfield code="h">142750</subfield></datafield></record></collection>